{
  "leader": "02332cam a22004691i 4500",
  "fields": [
    {
      "001": "ocm05030641\\"
    },
    {
      "003": "OCoLC"
    },
    {
      "005": "20221222115709.0"
    },
    {
      "008": "790320s1938\\\\\\\\nyucf\\\\\\\\b\\\\\\\\000\\0\\eng\\\\"
    },
    {
      "010": {
        "ind1": "\\",
        "ind2": "\\",
        "subfields": [
          {
            "a": "   38027384 "
          }
        ]
      }
    },
    {
      "040": {
        "ind1": "\\",
        "ind2": "\\",
        "subfields": [
          {
            "a": "DLC"
          },
          {
            "b": "eng"
          },
          {
            "c": "DLC"
          },
          {
            "d": "MNM"
          },
          {
            "d": "OCLCF"
          },
          {
            "d": "BNG"
          },
          {
            "d": "OCLCO"
          },
          {
            "d": "OCLCQ"
          },
          {
            "d": "OCLCO"
          },
          {
            "d": "PAU"
          },
          {
            "d": "OCLCQ"
          },
          {
            "d": "CLART"
          },
          {
            "d": "OCLCO"
          },
          {
            "d": "OCL"
          },
          {
            "d": "OCLCO"
          }
        ]
      }
    },
    {
      "019": {
        "ind1": "\\",
        "ind2": "\\",
        "subfields": [
          {
            "a": "1672904"
          },
          {
            "a": "9938178"
          },
          {
            "a": "977420615"
          },
          {
            "a": "1043213192"
          }
        ]
      }
    },
    {
      "035": {
        "ind1": "\\",
        "ind2": "\\",
        "subfields": [
          {
            "a": "(OCoLC)5030641"
          },
          {
            "z": "(OCoLC)1672904"
          },
          {
            "z": "(OCoLC)9938178"
          },
          {
            "z": "(OCoLC)977420615"
          },
          {
            "z": "(OCoLC)1043213192"
          }
        ]
      }
    },
    {
      "041": {
        "ind1": "1",
        "ind2": "\\",
        "subfields": [
          {
            "a": "eng"
          },
          {
            "h": "und"
          }
        ]
      }
    },
    {
      "050": {
        "ind1": "\\",
        "ind2": "4",
        "subfields": [
          {
            "a": "PN1993.5.A1"
          },
          {
            "b": "B37 1938"
          }
        ]
      }
    },
    {
      "082": {
        "ind1": "0",
        "ind2": "0",
        "subfields": [
          {
            "a": "791.4"
          },
          {
            "b": "BAR"
          }
        ]
      }
    },
    {
      "100": {
        "ind1": "1",
        "ind2": "\\",
        "subfields": [
          {
            "a": "Barde\u0300che, Maurice."
          }
        ]
      }
    },
    {
      "240": {
        "ind1": "1",
        "ind2": "0",
        "subfields": [
          {
            "a": "Histoire du cinema"
          }
        ]
      }
    },
    {
      "245": {
        "ind1": "1",
        "ind2": "4",
        "subfields": [
          {
            "a": "The history of motion pictures,"
          },
          {
            "c": "by Maurice Bardeche and Robert Brasillach; translated and edited by Iris Barry."
          }
        ]
      }
    },
    {
      "260": {
        "ind1": "\\",
        "ind2": "\\",
        "subfields": [
          {
            "a": "New York :"
          },
          {
            "b": "W.W. Norton & Company, Inc. and the Museum of Modern Art,"
          },
          {
            "c": "[\u00a91938]"
          }
        ]
      }
    },
    {
      "300": {
        "ind1": "\\",
        "ind2": "\\",
        "subfields": [
          {
            "a": "xii, 412 pages :"
          },
          {
            "b": "illustrations,"
          },
          {
            "c": "23 cm"
          }
        ]
      }
    },
    {
      "336": {
        "ind1": "\\",
        "ind2": "\\",
        "subfields": [
          {
            "a": "text"
          },
          {
            "b": "txt"
          },
          {
            "2": "rdacontent"
          }
        ]
      }
    },
    {
      "337": {
        "ind1": "\\",
        "ind2": "\\",
        "subfields": [
          {
            "a": "unmediated"
          },
          {
            "b": "n"
          },
          {
            "2": "rdamedia"
          }
        ]
      }
    },
    {
      "338": {
        "ind1": "\\",
        "ind2": "\\",
        "subfields": [
          {
            "a": "volume"
          },
          {
            "b": "nc"
          },
          {
            "2": "rdacarrier"
          }
        ]
      }
    },
    {
      "500": {
        "ind1": "\\",
        "ind2": "\\",
        "subfields": [
          {
            "a": "\"First edition.\""
          }
        ]
      }
    },
    {
      "500": {
        "ind1": "\\",
        "ind2": "\\",
        "subfields": [
          {
            "a": "\"Published in France under the title Histoire du cine\u0301ma.\""
          }
        ]
      }
    },
    {
      "561": {
        "ind1": "\\",
        "ind2": "\\",
        "subfields": [
          {
            "a": "Gift of Lessing J. Rosenwald, 1943-1975."
          },
          {
            "5": "DLC"
          }
        ]
      }
    },
    {
      "504": {
        "ind1": "\\",
        "ind2": "\\",
        "subfields": [
          {
            "a": "Includes bibliographical references."
          }
        ]
      }
    },
    {
      "505": {
        "ind1": "0",
        "ind2": "\\",
        "subfields": [
          {
            "a": "The birth of the film (1895-1908) -- The prewar film (1908-1914) -- The cinema during the world war (1914-1918) -- The emergence of an art (1919-1923) -- The classic era of the silent film (1923-1929) -- The talking films (1929-1935) -- Forty years of film."
          }
        ]
      }
    },
    {
      "650": {
        "ind1": "\\",
        "ind2": "0",
        "subfields": [
          {
            "a": "Motion pictures"
          },
          {
            "x": "History."
          }
        ]
      }
    },
    {
      "650": {
        "ind1": "\\",
        "ind2": "7",
        "subfields": [
          {
            "a": "Motion pictures."
          },
          {
            "2": "fast"
          },
          {
            "0": "(OCoLC)fst01027285"
          }
        ]
      }
    },
    {
      "655": {
        "ind1": "\\",
        "ind2": "7",
        "subfields": [
          {
            "a": "Motion pictures."
          },
          {
            "2": "fast"
          },
          {
            "0": "(OCoLC)fst01726252"
          }
        ]
      }
    },
    {
      "655": {
        "ind1": "\\",
        "ind2": "7",
        "subfields": [
          {
            "a": "History."
          },
          {
            "2": "fast"
          },
          {
            "0": "(OCoLC)fst01411628"
          }
        ]
      }
    },
    {
      "655": {
        "ind1": "\\",
        "ind2": "7",
        "subfields": [
          {
            "a": "Motion pictures."
          },
          {
            "2": "lcgft"
          }
        ]
      }
    },
    {
      "700": {
        "ind1": "1",
        "ind2": "\\",
        "subfields": [
          {
            "a": "Brasillach, Robert,"
          },
          {
            "d": "1909-1945,"
          },
          {
            "e": "author."
          }
        ]
      }
    },
    {
      "700": {
        "ind1": "1",
        "ind2": "\\",
        "subfields": [
          {
            "a": "Barry, Iris,"
          },
          {
            "d": "1895-1969,"
          },
          {
            "e": "ed. and tr."
          }
        ]
      }
    },
    {
      "710": {
        "ind1": "2",
        "ind2": "\\",
        "subfields": [
          {
            "a": "Rouben Mamoulian Collection (Library of Congress)"
          },
          {
            "5": "DLC"
          }
        ]
      }
    },
    {
      "710": {
        "ind1": "2",
        "ind2": "\\",
        "subfields": [
          {
            "a": "Lessing J. Rosenwald Reference Collection (Library of Congress)"
          },
          {
            "5": "DLC"
          }
        ]
      }
    },
    {
      "776": {
        "ind1": "0",
        "ind2": "8",
        "subfields": [
          {
            "i": "Online version:"
          },
          {
            "a": "Barde\u0300che, Maurice."
          },
          {
            "s": "Histoire du cinema."
          },
          {
            "t": "History of motion pictures."
          },
          {
            "d": "New York, W.W. Norton & company, inc. and the Museum of modern art [\u00a91938]"
          },
          {
            "w": "(OCoLC)589399697"
          }
        ]
      }
    },
    {
      "994": {
        "ind1": "\\",
        "ind2": "\\",
        "subfields": [
          {
            "a": "Z0"
          },
          {
            "b": "NYRVC"
          }
        ]
      }
    },
    {
      "948": {
        "ind1": "\\",
        "ind2": "\\",
        "subfields": [
          {
            "h": "NO HOLDINGS IN NYRVC - 319 OTHER HOLDINGS"
          }
        ]
      }
    },
    {
      "999": {
        "ind1": "\\",
        "ind2": "\\",
        "subfields": [
          {
            "a": "00000000010342"
          }
        ]
      }
    }
  ]
}